<record><leader>00000cas a2200000 a 4500</leader><controlfield tag="001">9587497</controlfield><controlfield tag="008">830608d18511865nyudn ne      0    0eng c</controlfield><datafield ind1=" " ind2=" " tag="010"><subfield code="a">sn 83030544 </subfield></datafield><datafield ind1=" " ind2=" " tag="040"><subfield code="a">NPU</subfield><subfield code="b">eng</subfield><subfield code="c">NPU</subfield><subfield code="d">NPX</subfield><subfield code="d">NPA</subfield><subfield code="d">DLC</subfield><subfield code="d">NYS</subfield><subfield code="d">NLG</subfield><subfield code="d">NYS</subfield><subfield code="d">KNP</subfield><subfield code="d">MGN</subfield><subfield code="d">CNK</subfield><subfield code="d">NVF</subfield><subfield code="d">FUG</subfield><subfield code="d">OCL</subfield><subfield code="d">NYS</subfield><subfield code="d">DLC</subfield><subfield code="d">OCLCQ</subfield><subfield code="d">OCLCF</subfield><subfield code="d">OCLCO</subfield></datafield><datafield ind1="1" ind2=" " tag="029"><subfield code="a">AU@</subfield><subfield code="b">000020226727</subfield></datafield><datafield ind1=" " ind2=" " tag="042"><subfield code="a">pcc</subfield></datafield><datafield ind1=" " ind2=" " tag="043"><subfield code="a">n-us-ny</subfield></datafield><datafield ind1="0" ind2="0" tag="050"><subfield code="a">Newspaper</subfield></datafield><datafield ind1="0" ind2="0" tag="245"><subfield code="a">Journal of commerce, jr.</subfield></datafield><datafield ind1="3" ind2=" " tag="246"><subfield code="a">Journal of commerce, junior</subfield></datafield><datafield ind1=" " ind2=" " tag="260"><subfield code="a">New York [N.Y.] :</subfield><subfield code="b">Hallock, Butler &amp; Hale</subfield></datafield><datafield ind1=" " ind2=" " tag="300"><subfield code="a">v. :</subfield><subfield code="b">ill. ;</subfield><subfield code="c">62 cm.</subfield></datafield><datafield ind1=" " ind2=" " tag="310"><subfield code="a">Daily (except Sunday)</subfield></datafield><datafield ind1="1" ind2=" " tag="362"><subfield code="a">Began in 1851; ceased Dec. 30, 1865.</subfield></datafield><datafield ind1=" " ind2=" " tag="500"><subfield code="a">Publishers: Hallock, Butler &amp; Hale, 1851-&lt;1852&gt;; Hallock, Hale &amp; Hallock, &lt;1857&gt;-1861; Prime, Stone, Hale &amp; Hallock, 1861-1865.</subfield></datafield><datafield ind1=" " ind2=" " tag="500"><subfield code="a">Editors: Hallock, Butler &amp; Hale, 1851-&lt;1852&gt;; Hallock, Hale &amp; Hallock, &lt;1857&gt;-1861; Prime, Stone, Hale &amp; Hallock, 1861-1865.</subfield></datafield><datafield ind1=" " ind2=" " tag="580"><subfield code="a">Semiweekly ed.: New York journal of commerce (New York, N.Y. : Semiweekly), 1851-1856.</subfield></datafield><datafield ind1=" " ind2=" " tag="580"><subfield code="a">Weekly eds.: The Mercury, and weekly journal of commerce, 1851, and: Weekly journal of commerce, 1852-1865.</subfield></datafield><datafield ind1=" " ind2=" " tag="580"><subfield code="a">Large-format daily ed.: New York journal of commerce (New York, N.Y. : Daily).</subfield></datafield><datafield ind1=" " ind2=" " tag="588"><subfield code="a">Description based on: Vol. 1, no. 13 (Oct. 17, 1851).</subfield></datafield><datafield ind1=" " ind2="0" tag="651"><subfield code="a">New York (N.Y.)</subfield><subfield code="v">Newspapers.</subfield></datafield><datafield ind1=" " ind2="0" tag="651"><subfield code="a">New York County (N.Y.)</subfield><subfield code="v">Newspapers.</subfield></datafield><datafield ind1=" " ind2="7" tag="655"><subfield code="a">Newspapers.</subfield><subfield code="2">fast</subfield><subfield code="0">(OCoLC)fst01423814</subfield></datafield><datafield ind1=" " ind2="7" tag="651"><subfield code="a">New York (State)</subfield><subfield code="z">New York.</subfield><subfield code="2">fast</subfield><subfield code="0">(OCoLC)fst01204333</subfield></datafield><datafield ind1=" " ind2="7" tag="651"><subfield code="a">New York (State)</subfield><subfield code="z">New York County.</subfield><subfield code="2">fast</subfield><subfield code="0">(OCoLC)fst01234953</subfield></datafield><datafield ind1=" " ind2=" " tag="752"><subfield code="a">United States</subfield><subfield code="b">New York</subfield><subfield code="c">New York</subfield><subfield code="d">New York.</subfield></datafield><datafield ind1="1" ind2=" " tag="775"><subfield code="t">New York journal of commerce (New York, N.Y. : Semiweekly)</subfield><subfield code="w">(DLC)sn 83030543</subfield></datafield><datafield ind1="1" ind2=" " tag="775"><subfield code="t">Mercury, and weekly journal of commerce</subfield><subfield code="w">(DLC)sn 83030529</subfield></datafield><datafield ind1="1" ind2=" " tag="775"><subfield code="t">Weekly journal of commerce</subfield><subfield code="w">(DLC)sn 85026172</subfield></datafield><datafield ind1="1" ind2=" " tag="775"><subfield code="t">New York journal of commerce (New York, N.Y. : Daily)</subfield><subfield code="w">(DLC)sn 83030542</subfield></datafield></record>